<record><leader>00000cas a22000007a 4500</leader><controlfield tag="001">15233322</controlfield><controlfield tag="008">870224d184118uulauwr ne      0    0eng d</controlfield><datafield ind1=" " ind2=" " tag="010"><subfield code="a">sn 87090115 </subfield></datafield><datafield ind1=" " ind2=" " tag="040"><subfield code="a">PPM</subfield><subfield code="b">eng</subfield><subfield code="c">PPM</subfield><subfield code="d">LNP</subfield><subfield code="d">DLC</subfield><subfield code="d">OCLCQ</subfield></datafield><datafield ind1=" " ind2=" " tag="042"><subfield code="a">msc</subfield></datafield><datafield ind1="0" ind2=" " tag="130"><subfield code="a">Richmond compiler (Richmond, La.)</subfield></datafield><datafield ind1="1" ind2="4" tag="245"><subfield code="a">The Richmond compiler.</subfield></datafield><datafield ind1=" " ind2=" " tag="260"><subfield code="a">Richmond, La. :</subfield><subfield code="b">John O. Stewart</subfield></datafield><datafield ind1=" " ind2=" " tag="300"><subfield code="a">v.</subfield></datafield><datafield ind1=" " ind2=" " tag="310"><subfield code="a">Weekly</subfield></datafield><datafield ind1="1" ind2=" " tag="362"><subfield code="a">Began in 1841.</subfield></datafield><datafield ind1=" " ind2=" " tag="515"><subfield code="a">Suspended with June 30, 1843 issue; resumed with Nov. 10, 1843 issue.</subfield></datafield><datafield ind1=" " ind2=" " tag="588"><subfield code="a">Description based on: Vol. 1, no. 8 (Aug. 24, 1841).</subfield></datafield><datafield ind1=" " ind2=" " tag="752"><subfield code="a">United States</subfield><subfield code="b">Louisiana</subfield><subfield code="c">Madison</subfield><subfield code="d">Richmond.</subfield></datafield></record>